<?xml version="1.0" encoding="UTF-8"?><collection xmlns="http://www.loc.gov/MARC21/slim"><record><leader>00487nam--2200193-i-4500</leader><controlfield tag="001">000024191</controlfield><controlfield tag="002">20161230</controlfield><controlfield tag="005">20161230201035</controlfield><controlfield tag="008">060222s1000------------r-----000-0-ger-d</controlfield><datafield ind1=" " ind2=" " tag="040"><subfield code="a">IFIN-HH</subfield></datafield><datafield ind1=" " ind2=" " tag="041"><subfield code="a">ger</subfield></datafield><datafield ind1=" " ind2=" " tag="080"><subfield code="a">537.611.4:539.213</subfield></datafield><datafield ind1="1" ind2=" " tag="100"><subfield code="a">Handrich, K</subfield></datafield><datafield ind1="1" ind2="0" tag="245"><subfield code="a">Amorphe ferro und ferrimagnetika</subfield><subfield code="c">K. handrich, s. kobe</subfield></datafield><datafield ind1=" " ind2=" " tag="260"><subfield code="a">Berlin</subfield><subfield code="b">Akademie-verlag</subfield><subfield code="c">1980</subfield></datafield><datafield ind1=" " ind2=" " tag="300"><subfield code="a">250 P</subfield></datafield><datafield ind1="1" ind2=" " tag="700"><subfield code="a">Kobe, S</subfield></datafield><datafield ind1=" " ind2=" " tag="852"><subfield code="a">70734</subfield><subfield code="c">538.221</subfield></datafield><datafield ind1=" " ind2=" " tag="CAT"><subfield code="a">Sys</subfield><subfield code="c">20110919</subfield><subfield code="h">125242</subfield></datafield></record></collection>